@incollection{steiglitz-soliton-guided-2017,
author = "Steiglitz, Ken",
editor = "Adamatzky, Andrew",
title = "Soliton-Guided Quantum Information Processing",
pages = "297--307",
date = "2017",
}

@article{shaukat-quantum-2017,
author = "Shaukat, M. I. and Castro, E. V. and Ter√ßas, H.",
title = "Quantum dark solitons as qubits in Bose-Einstein condensates",
volume = "95",
pages = "053618",
number = "5",
journaltitle = "Physical Review A",
date = "2017",
}