@incollection{steiglitz-soliton-guided-2017,
author = "Steiglitz, Ken",
editor = "Adamatzky, Andrew",
title = "Soliton-Guided Quantum Information Processing",
pages = "297--307",
date = "2017",
}

@article{shaukat-quantum-2017,
author = "Shaukat, M. I. and Castro, E. V. and Terças, H.",
title = "Quantum dark solitons as qubits in Bose-Einstein condensates",
volume = "95",
pages = "053618",
number = "5",
journaltitle = "Physical Review A",
date = "2017",
}

@online{noauthor-simulating-nodate,
title = "Simulating an all-optical quantum controlled-{NOT} gate using soliton scattering by a reflectionless potential well {\textbar} Elsevier Enhanced Reader",
}

@article{eleftheriou-instability-2000,
author = "Eleftheriou, Antonios and Huang, Kerson",
title = "Instability of a Bose-Einstein condensate with an attractive interaction",
volume = "61",
pages = "043601",
number = "4",
journaltitle = "Physical Review A",
date = "2000",
}

@article{ruprecht-time-dependent-1995,
author = "Ruprecht, P. A. and Holland, M. J. and Burnett, K. and Edwards, Mark",
title = "Time-dependent solution of the nonlinear Schrödinger equation for Bose-condensed trapped neutral atoms",
volume = "51",
pages = "4704--4711",
number = "6",
journaltitle = "Physical Review A",
date = "1995",
}

@article{muslu-higher-order-2005,
author = "Muslu, G. M. and Erbay, H. A.",
title = "Higher-order split-step Fourier schemes for the generalized nonlinear Schrödinger equation",
volume = "67",
pages = "581--595",
number = "6",
journaltitle = "Mathematics and Computers in Simulation",
date = "2005",
}

@article{malomed-stability-2007,
author = "Malomed, Boris A. and Lederer, Falk and Mazilu, Dumitru and Mihalache, Dumitru",
title = "On stability of vortices in three-dimensional self-attractive Bose–Einstein condensates",
volume = "361",
pages = "336--340",
number = "4",
journaltitle = "Physics Letters A",
date = "2007",
}

@article{cuevas-interactions-2013,
author = "Cuevas, J. and Kevrekidis, P. G. and Malomed, B. A. and Dyke, P. and Hulet, R. G.",
title = "Interactions of solitons with a Gaussian barrier: splitting and recombination in quasi-one-dimensional and three-dimensional settings",
volume = "15",
pages = "063006",
number = "6",
journaltitle = "New Journal of Physics",
date = "2013",
}

@misc{bao-computing-2003,
author = "Bao, Weizhu and Du, Qiang",
title = "Computing the ground state solution of Bose-Einstein condensates by a normalized gradient flow",
number = "{arXiv}:cond-mat/0303241",
date = "2003",
}

@article{zhuang-efficient-2019,
author = "Zhuang, Qingqu and Shen, Jie",
title = "Efficient {SAV} approach for imaginary time gradient flows with applications to one- and multi-component Bose-Einstein Condensates",
volume = "396",
pages = "72--88",
journaltitle = "Journal of Computational Physics",
date = "2019",
}

@article{minguzzi-numerical-2004,
author = "Minguzzi, A. and Succi, S. and Toschi, F. and Tosi, M. P. and Vignolo, P.",
title = "Numerical methods for atomic quantum gases with applications to Bose–Einstein condensates and to ultracold fermions",
volume = "395",
pages = "223--355",
number = "4",
journaltitle = "Physics Reports",
date = "2004",
}

@article{bao-fourth-order-2005,
author = "Bao, Weizhu and Shen, Jie",
title = "A Fourth-Order Time-Splitting Laguerre--Hermite Pseudospectral Method for Bose--Einstein Condensates",
volume = "26",
pages = "2010--2028",
number = "6",
journaltitle = "{SIAM} Journal on Scientific Computing",
date = "2005",
}

@article{bao-generalized-laguerrefourierhermite-2009,
author = "Bao, Weizhu and Li, Hailiang and Shen, Jie",
title = "A Generalized-Laguerre–Fourier–Hermite Pseudospectral Method for Computing the Dynamics of Rotating Bose–Einstein Condensates",
volume = "31",
pages = "3685--3711",
number = "5",
journaltitle = "{SIAM} Journal on Scientific Computing",
date = "2009",
}

@article{weiss-creation-2009,
author = "Weiss, Christoph and Castin, Yvan",
title = "Creation and Detection of a Mesoscopic Gas in a Nonlocal Quantum Superposition",
volume = "102",
pages = "010403",
number = "1",
journaltitle = "Physical Review Letters",
date = "2009",
}

@article{streltsov-scattering-2009,
author = "Streltsov, Alexej I. and Alon, Ofir E. and Cederbaum, Lorenz S.",
title = "Scattering of an attractive Bose-Einstein condensate from a barrier: Formation of quantum superposition states",
volume = "80",
pages = "043616",
number = "4",
journaltitle = "Physical Review A",
date = "2009",
}

@article{viet-hung-matter-2009,
author = "Viet Hung, Nguyen and Matuszewski, Michał and Trippenbach, Marek",
title = "Matter wave soliton collisions in the quasi one-dimensional potential",
volume = "238",
pages = "1449--1455",
number = "15",
journaltitle = "Physica D: Nonlinear Phenomena",
date = "2009",
}

@article{viet-hung-matter-2009-1,
author = "Viet Hung, Nguyen and Matuszewski, Michał and Trippenbach, Marek",
title = "Matter wave soliton collisions in the quasi one-dimensional potential",
volume = "238",
pages = "1449--1455",
number = "15",
journaltitle = "Physica D: Nonlinear Phenomena",
date = "2009",
}

@inproceedings{helm-soliton-2014,
author = "Helm, J.",
title = "Soliton dynamics in the Gross–Pitaevskii equation : splitting, collisions and interferometry",
date = "2014",
}

@article{castin-boseeinstein-2001,
author = "Castin, Yvan and Herzog, Christopher",
title = "Bose–Einstein condensates in symmetry breaking states",
volume = "2",
pages = "419--443",
number = "3",
journaltitle = "Comptes Rendus de l'Académie des Sciences - Series {IV} - Physics",
date = "2001",
}

@article{zakharov-exact-1970,
author = "Zakharov, V. and Shabat, A.",
title = "Exact Theory of Two-dimensional Self-focusing and One-dimensional Self-modulation of Waves in Nonlinear Media",
journaltitle = "Journal of Experimental and Theoretical Physics",
date = "1970",
}

@article{chiofalo-ground-2000,
author = "Chiofalo, M. L. and Succi, S. and Tosi, M. P.",
title = "Ground state of trapped interacting Bose-Einstein condensates by an explicit imaginary-time algorithm",
volume = "62",
pages = "7438--7444",
number = "5",
journaltitle = "Physical Review E",
date = "2000",
}

@article{wang-numerical-2005,
author = "Wang, Hanquan",
title = "Numerical studies on the split-step finite difference method for nonlinear Schrödinger equations",
volume = "170",
pages = "17--35",
number = "1",
journaltitle = "Applied Mathematics and Computation",
date = "2005",
}

@article{weideman-split-step-1986,
author = "Weideman, J. A. C. and Herbst, B. M.",
title = "Split-Step Methods for the Solution of the Nonlinear Schrödinger Equation",
volume = "23",
pages = "485--507",
number = "3",
journaltitle = "{SIAM} Journal on Numerical Analysis",
date = "1986",
}

@article{lehtovaara-solution-2007,
author = "Lehtovaara, L. and Toivanen, J. and Eloranta, J.",
title = "Solution of time-independent Schrödinger equation by the imaginary time propagation method",
volume = "221",
pages = "148--157",
number = "1",
journaltitle = "Journal of Computational Physics",
date = "2007",
}

@article{khaykovich-deviation-2006,
author = "Khaykovich, Lev and Malomed, Boris A.",
title = "Deviation from one dimensionality in stationary properties and collisional dynamics of matter-wave solitons",
volume = "74",
pages = "023607",
number = "2",
journaltitle = "Physical Review A",
date = "2006",
}

@article{sinha-friction-2006,
author = "Sinha, Subhasis and Cherny, Alexander Yu. and Kovrizhin, Dmitry and Brand, Joachim",
title = "Friction and Diffusion of Matter-Wave Bright Solitons",
volume = "96",
pages = "030406",
number = "3",
journaltitle = "Physical Review Letters",
date = "2006",
}

@article{muryshev-dynamics-2002,
author = "Muryshev, A. and Shlyapnikov, G. V. and Ertmer, W. and Sengstock, K. and Lewenstein, M.",
title = "Dynamics of Dark Solitons in Elongated Bose-Einstein Condensates",
volume = "89",
pages = "110401",
number = "11",
journaltitle = "Physical Review Letters",
date = "2002",
}

@article{perez-garcia-bose-einstein-1998,
author = "Pérez-García, Víctor M. and Michinel, Humberto and Herrero, Henar",
title = "Bose-Einstein solitons in highly asymmetric traps",
volume = "57",
pages = "3837--3842",
number = "5",
journaltitle = "Physical Review A",
date = "1998",
}

@article{gammal-critical-2002,
author = "Gammal, A. and Tomio, Lauro and Frederico, T.",
title = "Critical numbers of attractive Bose-Einstein condensed atoms in asymmetric traps",
volume = "66",
pages = "043619",
number = "4",
journaltitle = "Physical Review A",
date = "2002",
}

@article{carr-dynamics-2002,
author = "Carr, L. D. and Castin, Y.",
title = "Dynamics of a matter-wave bright soliton in an expulsive potential",
volume = "66",
pages = "063602",
number = "6",
journaltitle = "Physical Review A",
date = "2002",
}

@article{wales-splitting-2020,
author = "Wales, Oliver J. and Rakonjac, Ana and Billam, Thomas P. and Helm, John L. and Gardiner, Simon A. and Cornish, Simon L.",
title = "Splitting and recombination of bright-solitary-matter waves",
volume = "3",
pages = "1--9",
number = "1",
journaltitle = "Communications Physics",
date = "2020",
}

@article{helm-splitting-2014,
author = "Helm, J. L. and Rooney, S. J. and Weiss, Christoph and Gardiner, S. A.",
title = "Splitting bright matter-wave solitons on narrow potential barriers: Quantum to classical transition and applications to interferometry",
volume = "89",
pages = "033610",
number = "3",
journaltitle = "Physical Review A",
date = "2014",
}

@article{gertjerenken-generating-2013,
author = "Gertjerenken, Bettina and Billam, Thomas P. and Blackley, Caroline L. and Le Sueur, C. Ruth and Khaykovich, Lev and Cornish, Simon L. and Weiss, Christoph",
title = "Generating Mesoscopic Bell States via Collisions of Distinguishable Quantum Bright Solitons",
volume = "111",
pages = "100406",
number = "10",
journaltitle = "Physical Review Letters",
date = "2013",
}

@article{gertjerenken-scattering-2012,
author = "Gertjerenken, Bettina and Billam, Thomas P. and Khaykovich, Lev and Weiss, Christoph",
title = "Scattering bright solitons: Quantum versus mean-field behavior",
volume = "86",
pages = "033608",
number = "3",
journaltitle = "Physical Review A",
date = "2012",
}

@article{lewenstein-entanglement-2009,
author = "Lewenstein, Maciej and Malomed, Boris A.",
title = "Entanglement generation by collisions of quantum solitons in the Born approximation",
volume = "11",
pages = "113014",
number = "11",
journaltitle = "New Journal of Physics",
date = "2009",
}

@article{streltsov-formation-2008,
author = "Streltsov, Alexej I. and Alon, Ofir E. and Cederbaum, Lorenz S.",
title = "Formation and Dynamics of Many-Boson Fragmented States in One-Dimensional Attractive Ultracold Gases",
volume = "100",
pages = "130401",
number = "13",
journaltitle = "Physical Review Letters",
date = "2008",
}

@article{polo-soliton-based-2013,
author = "Polo, J. and Ahufinger, V.",
title = "Soliton-based matter-wave interferometer",
volume = "88",
pages = "053628",
number = "5",
journaltitle = "Physical Review A",
date = "2013",
}

@article{cao-soliton-defect-1995,
author = "Cao, Xiang D. and Malomed, Boris A.",
title = "Soliton-defect collisions in the nonlinear Schrödinger equation",
volume = "206",
pages = "177--182",
number = "3",
journaltitle = "Physics Letters A",
date = "1995",
}

@article{khaykovich-formation-2002,
author = "Khaykovich, L. and Schreck, F. and Ferrari, G. and Bourdel, T. and Cubizolles, J. and Carr, L. D. and Castin, Y. and Salomon, C.",
title = "Formation of a Matter-Wave Bright Soliton",
volume = "296",
pages = "1290--1293",
number = "5571",
journaltitle = "Science",
date = "2002",
}

@article{cornish-formation-2006,
author = "Cornish, Simon L. and Thompson, Sarah T. and Wieman, Carl E.",
title = "Formation of Bright Matter-Wave Solitons during the Collapse of Attractive Bose-Einstein Condensates",
volume = "96",
pages = "170401",
number = "17",
journaltitle = "Physical Review Letters",
date = "2006",
}

@article{rasmussen-blow-up-1986,
author = "Rasmussen, J. Juul and Rypdal, K.",
title = "Blow-up in Nonlinear Schroedinger Equations-I A General Review",
volume = "33",
pages = "481",
number = "6",
journaltitle = "Physica Scripta",
date = "1986",
}

@article{mazzarella-collapse-2009,
author = "Mazzarella, G. and Salasnich, L.",
title = "Collapse of triaxial bright solitons in atomic Bose–Einstein condensates",
volume = "373",
pages = "4434--4437",
number = "48",
journaltitle = "Physics Letters A",
date = "2009",
}

@article{gammal-critical-2002-1,
author = "Gammal, A. and Tomio, Lauro and Frederico, T.",
title = "Critical numbers of attractive Bose-Einstein condensed atoms in asymmetric traps",
volume = "66",
pages = "043619",
number = "4",
journaltitle = "Physical Review A",
date = "2002",
}

@article{muruganandam-fortran-2009,
author = "Muruganandam, P. and Adhikari, S. K.",
title = "Fortran programs for the time-dependent Gross–Pitaevskii equation in a fully anisotropic trap",
volume = "180",
pages = "1888--1912",
number = "10",
journaltitle = "Computer Physics Communications",
date = "2009",
}

@article{sun-mean-field-2014,
author = "Sun, Zhi-Yuan and Kevrekidis, Panayotis G. and Krüger, Peter",
title = "Mean-field analog of the Hong-Ou-Mandel experiment with bright solitons",
volume = "90",
pages = "063612",
number = "6",
journaltitle = "Physical Review A",
date = "2014",
}

@article{gertjerenken-progress-2016,
author = "Gertjerenken, Bettina and Wiles, Timothy P. and Weiss, Christoph",
title = "Progress towards quantum-enhanced interferometry with harmonically trapped quantum matter-wave bright solitons",
volume = "94",
pages = "053638",
number = "5",
journaltitle = "Physical Review A",
date = "2016",
}

@article{martin-bright-2007,
author = "Martin, A. D. and Adams, C. S. and Gardiner, S. A.",
title = "Bright matter-wave soliton collisions in a harmonic trap: regular and chaotic dynamics",
volume = "98",
pages = "020402",
number = "2",
journaltitle = "Physical Review Letters",
date = "2007",
}

@incollection{billam-bright-2013,
author = "Billam, T. P. and Marchant, A. L. and Cornish, S. L. and Gardiner, S. A. and Parker, N. G.",
editor = "Malomed, Boris A.",
title = "Bright Solitary Matter Waves: Formation, Stability and Interactions",
pages = "403--455",
date = "2013",
}

@article{weiss-elastic-2012,
author = "Weiss, Christoph and Castin, Yvan",
title = "Elastic scattering of a quantum matter-wave bright soliton on a barrier",
volume = "45",
pages = "455306",
number = "45",
journaltitle = "Journal of Physics A: Mathematical and Theoretical",
date = "2012",
}

@article{strecker-formation-2002,
author = "Strecker, Kevin E. and Partridge, Guthrie B. and Truscott, Andrew G. and Hulet, Randall G.",
title = "Formation and propagation of matter-wave soliton trains",
volume = "417",
pages = "150--153",
number = "6885",
journaltitle = "Nature",
date = "2002",
}

@article{kuznetsov-bifurcations-2011,
author = "Kuznetsov, E. A. and Dias, F.",
title = "Bifurcations of solitons and their stability",
volume = "507",
pages = "43--105",
number = "2",
journaltitle = "Physics Reports",
date = "2011",
}