@article{shaukat-quantum-2017,
author = "Shaukat, M. I. and Castro, E. V. and Terças, H.",
title = "Quantum dark solitons as qubits in Bose-Einstein condensates",
pages = "053618",
journaltitle = "Physical Review A",
date = "2017",
}
@article{perez-garcia-bose-einstein-1998,
author = "Pérez-García, Víctor M. and Michinel, Humberto and Herrero, Henar",
title = "Bose-Einstein solitons in highly asymmetric traps",
pages = "3837--3842",
journaltitle = "Physical Review A",
date = "1998",
}